@article{sparskit,
  author = "Saad, Yousef",
  title = "SPARSKIT: a basic tool kit for sparse matrix computations",
  year = "1994",
  version = "2"
}
@online{harwell-boeing,
  title = "Harwell-Boeing Sparse Matrix Collection",
  url = "https://math.nist.gov/MatrixMarket/data/Harwell-Boeing/",
  urldate = "2018-12-19"
}
@online{eigen:website,
  title = "Eigen website",
  url = "www.eigen.tuxfamily.org",
  urldate = "2018-12-19"
}
@article{Badcock2000,
  author = "Badcock, K.J. and Richards, B.E. and Woodgate, M.A.",
  title = "Elements of computational fluid dynamics on block structured grids using implicit solvers",
  journaltitle = "Progress in Aerospace Sciences",
  volume = "36",
  pages = "351 - 392",
  doi = "10.1016/s0376-0421(00)00005-1",
  year = "2000"
}
@article{Godwin2013,
  author = "Godwin, J.S.",
  title = "High-Performance Sparse Matrix-Vector Multiplication on GPUs for Structured Grid Computations",
  journaltitle = "Proceedings of the 5th Annual Workshop on General Purpose Processing with Graphics Processing Units",
  pages = "47 - 56",
  year = "2013"
}




